<record xmlns="http://www.loc.gov/MARC21/slim" xmlns:xsi="http://www.w3.org/2001/XMLSchema-instance" xsi:schemaLocation="http://www.loc.gov/MARC21/slim http://www.loc.gov/standards/marcxml/schema/MARC21slim.xsd"><leader>00353nz   2200133n  4500</leader><controlfield tag="001">oca00296351 </controlfield><controlfield tag="005">19840322000000.0</controlfield><controlfield tag="008">790806n| acannaab|          |a aaa |||  </controlfield><datafield ind1=" " ind2=" " tag="010"><subfield code="a">n  79063403 </subfield></datafield><datafield ind1=" " ind2=" " tag="040"><subfield code="a">DLC</subfield><subfield code="c">DLC</subfield></datafield><datafield ind1="0" ind2=" " tag="100"><subfield code="a">Theognis.</subfield></datafield><datafield ind1="0" ind2=" " tag="400"><subfield code="a">Feognid</subfield></datafield><datafield ind1="0" ind2=" " tag="400"><subfield code="a">Teognide</subfield></datafield><datafield ind1=" " ind2=" " tag="670"><subfield code="a">His Elegiarum liber secundus, 1980:</subfield><subfield code="b">t.p. (Theognis) added t.p. (Teognide)</subfield></datafield><datafield ind1="0" ind2="0" tag="400"><subfield code="a">Teognis</subfield><subfield code="2">BNE|XX874942</subfield></datafield><datafield ind1="0" ind2=" " tag="400"><subfield code="a">Theognis</subfield><subfield code="2">LC|n  79063403</subfield></datafield><datafield ind1="0" ind2=" " tag="400"><subfield code="a">Theognis</subfield><subfield code="c">Megarensis</subfield><subfield code="d">fl.6./5. Jh. v. Chr.</subfield><subfield code="2">DNB|118756907</subfield></datafield><datafield ind1="0" ind2=" " tag="400"><subfield code="a">Theognis</subfield><subfield code="2">NLA|000035658282</subfield></datafield><datafield ind1="0" ind2=" " tag="400"><subfield code="a">Theognis,</subfield><subfield code="d">6./5. stol. př. Kr.</subfield><subfield code="7">jn19981002211</subfield><subfield code="2">NKC|jn19981002211</subfield></datafield><datafield ind1="0" ind2=" " tag="400"><subfield code="a">Theognis,</subfield><subfield code="d">500-talet f.Kr.?</subfield><subfield code="2">SELIBR|228551</subfield></datafield><datafield ind1="0" ind2=" " tag="400"><subfield code="a">Theognis Megareus,</subfield><subfield code="d">sec. VI a.C.</subfield><subfield code="2">BAV|ADV11500469</subfield></datafield><datafield ind1="0" ind2=" " tag="400"><subfield code="a">Teognide</subfield><subfield code="2">BNF</subfield></datafield><datafield ind1=" " ind2=" " tag="400"><subfield code="a">Teognide Megarese</subfield><subfield code="2">BNF</subfield></datafield><datafield ind1=" " ind2=" " tag="400"><subfield code="a">Teognis de Megara</subfield><subfield code="2">BNF</subfield></datafield><datafield ind1=" " ind2=" " tag="400"><subfield code="a">Theognis Megarensis</subfield><subfield code="2">BNF</subfield></datafield><datafield ind1=" " ind2=" " tag="400"><subfield code="a">Theognis of Megara</subfield><subfield code="2">BNF</subfield></datafield><datafield ind1=" " ind2=" " tag="400"><subfield code="a">Theognis von Megara</subfield><subfield code="2">BNF</subfield></datafield><datafield ind1=" " ind2=" " tag="400"><subfield code="a">Théognis</subfield><subfield code="2">BNF</subfield></datafield><datafield ind1="0" ind2=" " tag="400"><subfield code="a">Feognid</subfield><subfield code="2">NLA</subfield><subfield code="2">LC</subfield></datafield><datafield ind1="0" ind2=" " tag="400"><subfield code="a">Teognide</subfield><subfield code="2">NLA</subfield><subfield code="2">LC</subfield></datafield><datafield ind1="0" ind2=" " tag="400"><subfield code="a">Teognide di Megara,</subfield><subfield code="d">sec. VI a.C.</subfield><subfield code="2">BAV</subfield></datafield><datafield ind1="0" ind2=" " tag="400"><subfield code="a">Teognide</subfield><subfield code="c">di Megara</subfield><subfield code="d">fl.6./5. Jh. v. Chr.</subfield><subfield code="2">DNB</subfield></datafield><datafield ind1="0" ind2=" " tag="400"><subfield code="a">Teognis</subfield><subfield code="2">NLA</subfield></datafield><datafield ind1="0" ind2=" " tag="400"><subfield code="a">Theognis Megarensis,</subfield><subfield code="d">500-talet f.Kr.?</subfield><subfield code="2">SELIBR</subfield></datafield><datafield ind1="0" ind2=" " tag="400"><subfield code="a">Theognis of Megara,</subfield><subfield code="d">500-talet f.Kr.?</subfield><subfield code="2">SELIBR</subfield></datafield><datafield ind1="0" ind2=" " tag="400"><subfield code="a">Theognis</subfield><subfield code="c">Dichter</subfield><subfield code="d">fl.6./5. Jh. v. Chr.</subfield><subfield code="2">DNB</subfield></datafield><datafield ind1="0" ind2=" " tag="400"><subfield code="a">Theognis</subfield><subfield code="c">Elegiacus</subfield><subfield code="d">fl.6./5. Jh. v. Chr.</subfield><subfield code="2">DNB</subfield></datafield><datafield ind1="0" ind2=" " tag="400"><subfield code="a">Theognis</subfield><subfield code="c">Elegiker</subfield><subfield code="d">fl.6./5. Jh. v. Chr.</subfield><subfield code="2">DNB</subfield></datafield><datafield ind1="0" ind2=" " tag="400"><subfield code="a">Theognis</subfield><subfield code="c">of Megara</subfield><subfield code="d">fl.6./5. Jh. v. Chr.</subfield><subfield code="2">DNB</subfield></datafield><datafield ind1="0" ind2=" " tag="400"><subfield code="a">Theognis</subfield><subfield code="c">von Megara</subfield><subfield code="d">fl.6./5. Jh. v. Chr.</subfield><subfield code="2">DNB</subfield></datafield><datafield ind1="0" ind2=" " tag="400"><subfield code="a">Theognis</subfield><subfield code="d">fl.6./5. Jh. v. Chr.</subfield><subfield code="2">DNB</subfield></datafield><datafield ind1="0" ind2=" " tag="400"><subfield code="a">Théognis,</subfield><subfield code="d">6./5. stol. př. Kr.</subfield><subfield code="2">NKC</subfield></datafield><datafield ind1="0" ind2="0" tag="400"><subfield code="a">Teognis de Mégara</subfield><subfield code="2">BNE</subfield></datafield><datafield ind1="0" ind2="0" tag="400"><subfield code="a">Theognis</subfield><subfield code="2">BNE</subfield></datafield></record>